% This file was created with JabRef 2.10.
% Encoding: UTF-8


@InProceedings{Compton2009,
  Title                    = {{Reasoning about Sensors and Compositions}},
  Author                   = {Compton, M. and Neuhaus, H. and Taylor, K. and Tran, K.N.},
  Booktitle                = {Proceedings of the 2nd International Workshop on Semantic Sensor Networks},
  Year                     = {2009},

  Address                  = {Washington DC, USA}
}

@InProceedings{Noel2012,
  Title                    = {{New Objective Functions for Social Collaborative Filtering}},
  Author                   = {Joseph Noel and Scott Sanner and Khoi-Nguyen Tran and Peter Christen and Lexing Xie and Edwin V. Bonilla and Ehsan Abbasnejad and Nicolas Della Penna},
  Booktitle                = {Proceedings of the 21st International World Wide Web Conference (WWW)},
  Year                     = {2012},

  Address                  = {Lyon, France},

  Acmid                    = {2187952},
  ISBN                     = {978-1-4503-1229-5},
  Location                 = {Lyon, France},
  Numpages                 = {10}
}

@InProceedings{Sedhain2013,
  Title                    = {{Social Affinity Filtering: Recommendation through Fine-grained Analysis of User Interactions and Activities}},
  Author                   = {Suvash Sedhain and Scott Sanner and Lexing Xie and Riley Kidd and Khoi-Nguyen Tran and Peter Christen},
  Booktitle                = {Proceedings of the ACM Conference on Online Social Networks (COSN)},
  Year                     = {2013},

  Address                  = {Boston, USA}
}

@MastersThesis{Tran2009,
  Title                    = {{Semantic Sensor Composition}},
  Author                   = {Khoi-Nguyen Tran},
  School                   = {The Australian National University},
  Year                     = {2009},
  Note                     = {Honours Thesis. The Australian National University}
}

@InProceedings{Tran2013c,
  Title                    = {{Towards a Feature Rich Model for Predicting Spam Emails containing Malicious Attachments and URLs}},
  Author                   = {Khoi-Nguyen Tran and Mamoun Alazab and Roderic Broadhurst},
  Booktitle                = {Proceedings of the 11th Australasian Data Mining Conference (AusDM)},
  Year                     = {2013},

  Address                  = {Canberra, Australia}
}

@Article{Tran2014,
  Title                    = {{Cross-Language Learning from Bots and Users to detect Vandalism on Wikipedia}},
  Author                   = {Khoi-Nguyen Tran and Peter Christen},
  Journal                  = {IEEE Transactions on Knowledge and Data Engineering (TKDE)},
  Year                     = {2014}
}

@InProceedings{Tran2013,
  Title                    = {{Cross Language Prediction of Vandalism on Wikipedia Using Article Views and Revisions}},
  Author                   = {Khoi-Nguyen Tran and Peter Christen},
  Booktitle                = {Proceedings of the 17th Pacific-Asia Conference on Knowledge Discovery and Data Mining (PAKDD)},
  Year                     = {2013},

  Address                  = {Gold Coast, Australia},

  ISBN                     = {978-3-642-37455-5}
}

@InProceedings{Tran2013a,
  Title                    = {{Identifying Multilingual Wikipedia Articles based on Cross Language Similarity and Activity}},
  Author                   = {Khoi-Nguyen Tran and Peter Christen},
  Booktitle                = {Proceedings of the 22nd ACM Conference of Information and Knowledge Management (CIKM): Poster},
  Year                     = {2013},

  Address                  = {San Francisco, USA},

  Quality                  = {1}
}

@InProceedings{Tran2015,
  Title                    = {{Context-Aware Detection of Sneaky Vandalism on Wikipedia across Multiple Languages}},
  Author                   = {Khoi-Nguyen Tran and Peter Christen and Scott Sanner and Lexing Xie},
  Booktitle                = {Proceedings of the 19th Pacific-Asia Conference on Knowledge Discovery and Data Mining (PAKDD)},
  Year                     = {2015},

  Address                  = {Ho Chi Minh City, Vietnam}
}

@InProceedings{Tran2009a,
  Title                    = {{Short Paper: Semantic Sensor Composition}},
  Author                   = {Khoi-Nguyen Tran and Michael Compton and Jemma Wu and Rajeev Gor\'{e}},
  Booktitle                = {Proceedings of the 3rd International Workshop on Semantic Sensor Networks},
  Year                     = {2009},

  Address                  = {Shanghai, China}
}

@InProceedings{Tran2010,
  Title                    = {{Detecting Network Anomalies in Mixed-Attribute Data Sets}},
  Author                   = {Khoi-Nguyen Tran and Huidong Jin},
  Booktitle                = {Proceedings of the 3rd International Conference on Knowledge Discovery and Data Mining (WKDD)},
  Year                     = {2010},

  Journal                  = {Knowledge Discovery and Data Mining, 2010. WKDD '10. Third International Conference on}
}

@InProceedings{Tran2009,
  Title                    = {{Fusion of Decision Tree and Gaussian Mixture Models for Heterogeneous Data Sets}},
  Author                   = {Khoi-Nguyen Tran and Huidong Jin},
  Booktitle                = {Proceedings of the International Conference on Multimedia Technology (ICIMT)},
  Year                     = {2009},

  Journal                  = {Information and Multimedia Technology, 2009. ICIMT '09. International Conference on}
}

@InProceedings{Tran2013b,
  Title                    = {{GeCo - An Online Personal data Generator and Corruptor}},
  Author                   = {Khoi-Nguyen Tran and Dinusha Vatsalan and Peter Christen},
  Booktitle                = {Proceedings of the 22nd ACM Conference of Information and Knowledge Management (CIKM): Demo},
  Year                     = {2013},

  Address                  = {San Francisco, USA},

  Quality                  = {1}
}

